<record><leader>00000cas a2200000 a 4500</leader><controlfield tag="001">11803882</controlfield><controlfield tag="008">850314d193419uuinuwr n       0   a0eng d</controlfield><datafield ind1=" " ind2=" " tag="010"><subfield code="a">sn 87055849 </subfield></datafield><datafield ind1=" " ind2=" " tag="040"><subfield code="a">IGP</subfield><subfield code="b">eng</subfield><subfield code="c">IGP</subfield><subfield code="d">NPI</subfield><subfield code="d">OCL</subfield><subfield code="d">OCLCQ</subfield><subfield code="d">OCLCF</subfield><subfield code="d">OCLCO</subfield></datafield><datafield ind1=" " ind2=" " tag="042"><subfield code="a">msc</subfield></datafield><datafield ind1=" " ind2=" " tag="043"><subfield code="a">n-us-in</subfield></datafield><datafield ind1=" " ind2=" " tag="092"><subfield code="a">070</subfield><subfield code="b">G</subfield></datafield><datafield ind1="0" ind2="0" tag="245"><subfield code="a">Robert's weekly review.</subfield></datafield><datafield ind1=" " ind2=" " tag="260"><subfield code="a">Gary, Ind. :</subfield><subfield code="b">P.C. Roberts,</subfield><subfield code="c">1934-</subfield></datafield><datafield ind1=" " ind2=" " tag="300"><subfield code="a">v. :</subfield><subfield code="b">ill. ;</subfield><subfield code="c">38 cm.</subfield></datafield><datafield ind1="0" ind2=" " tag="362"><subfield code="a">Vol. 2, no. 24 (June 11, 1934)-</subfield></datafield><datafield ind1=" " ind2=" " tag="500"><subfield code="a">"Combined with, The Gary independent."</subfield></datafield><datafield ind1=" " ind2="0" tag="650"><subfield code="a">American newspapers</subfield><subfield code="z">Indiana</subfield><subfield code="z">Gary.</subfield></datafield><datafield ind1=" " ind2="7" tag="650"><subfield code="a">American newspapers.</subfield><subfield code="2">fast</subfield><subfield code="0">(OCoLC)fst00807293</subfield></datafield><datafield ind1=" " ind2="7" tag="651"><subfield code="a">Indiana</subfield><subfield code="z">Gary.</subfield><subfield code="2">fast</subfield><subfield code="0">(OCoLC)fst01205217</subfield></datafield><datafield ind1="1" ind2=" " tag="700"><subfield code="a">Roberts, Paul C.</subfield></datafield><datafield ind1=" " ind2=" " tag="752"><subfield code="a">United States</subfield><subfield code="b">Indiana</subfield><subfield code="c">Lake</subfield><subfield code="d">Gary.</subfield></datafield><datafield ind1="0" ind2="0" tag="780"><subfield code="t">Gary independent</subfield><subfield code="w">(OCoLC)11803810</subfield></datafield></record>